<?xml version="1.0" encoding="UTF-8"?><marc:record xmlns:marc="http://www.loc.gov/MARC21/slim" xmlns:xsi="http://www.w3.org/2001/XMLSchema-instance" xsi:schemaLocation="http://www.loc.gov/MARC21/slim http://www.loc.gov/standards/marcxml/schema/MARC21slim.xsd"><marc:leader>00620nam a22     7i 4500</marc:leader><marc:controlfield tag="001">1483121</marc:controlfield><marc:controlfield tag="003">NL-AMISG</marc:controlfield><marc:controlfield tag="005">20141125133818.0</marc:controlfield><marc:controlfield tag="008">131126s2013    xxk                 eng d</marc:controlfield><marc:datafield ind1=" " ind2=" " tag="020"><marc:subfield code="a">9780719086809</marc:subfield></marc:datafield><marc:datafield ind1=" " ind2=" " tag="040"><marc:subfield code="a">NL-AMISG</marc:subfield></marc:datafield><marc:datafield ind1="1" ind2=" " tag="100"><marc:subfield code="a">Ward, Stephanie.</marc:subfield><marc:subfield code="0">(NL-AMISG)2010308</marc:subfield></marc:datafield><marc:datafield ind1="1" ind2="0" tag="245"><marc:subfield code="a">Unemployment and the state in Britain :</marc:subfield><marc:subfield code="b">the means test and protest in 1930s South Wales and North-East England /</marc:subfield><marc:subfield code="c">Stephanie Ward.</marc:subfield></marc:datafield><marc:datafield ind1=" " ind2=" " tag="260"><marc:subfield code="a">Manchester [etc.] :</marc:subfield><marc:subfield code="b">Manchester University Press,</marc:subfield><marc:subfield code="c">2013.</marc:subfield></marc:datafield><marc:datafield ind1=" " ind2=" " tag="300"><marc:subfield code="a">VIII, 292 p.</marc:subfield></marc:datafield><marc:datafield ind1="4" ind2=" " tag="852"><marc:subfield code="a">IISG</marc:subfield><marc:subfield code="b">IISG</marc:subfield><marc:subfield code="c">IISG</marc:subfield><marc:subfield code="j">2012/4145</marc:subfield><marc:subfield code="n">Available</marc:subfield><marc:subfield code="p">340934087347</marc:subfield></marc:datafield><marc:datafield ind1=" " ind2=" " tag="901"><marc:subfield code="a">1483121</marc:subfield><marc:subfield code="b"/><marc:subfield code="c">1483121</marc:subfield><marc:subfield code="t">biblio</marc:subfield></marc:datafield><marc:datafield ind1=" " ind2=" " tag="902"><marc:subfield code="a">10622/52A62836-FE3C-4F89-BEEE-93AE73E015CE</marc:subfield></marc:datafield></marc:record>